<record><leader>00000cas a22000007a 4500</leader><controlfield tag="001">12670648</controlfield><controlfield tag="008">851012d19771977hiuwr ne      0    0eng d</controlfield><datafield ind1=" " ind2=" " tag="010"><subfield code="a">sn 85047261 </subfield></datafield><datafield ind1=" " ind2=" " tag="040"><subfield code="a">HWN</subfield><subfield code="b">eng</subfield><subfield code="c">HWN</subfield><subfield code="d">OCLCQ</subfield><subfield code="d">OCLCF</subfield><subfield code="d">OCLCO</subfield></datafield><datafield ind1="1" ind2=" " tag="029"><subfield code="a">AU@</subfield><subfield code="b">000025836554</subfield></datafield><datafield ind1=" " ind2=" " tag="042"><subfield code="a">msc</subfield></datafield><datafield ind1=" " ind2=" " tag="043"><subfield code="a">n-us-hi</subfield></datafield><datafield ind1="0" ind2=" " tag="130"><subfield code="a">Sun (Kaneohe, Hawaii)</subfield></datafield><datafield ind1="1" ind2="4" tag="245"><subfield code="a">The Sun.</subfield></datafield><datafield ind1=" " ind2=" " tag="260"><subfield code="a">[Kaneohe, Hi. :</subfield><subfield code="b">Community Publications],</subfield><subfield code="c">1977-</subfield></datafield><datafield ind1=" " ind2=" " tag="300"><subfield code="a">v. :</subfield><subfield code="b">ill. ;</subfield><subfield code="c">41 cm.</subfield></datafield><datafield ind1=" " ind2=" " tag="310"><subfield code="a">Weekly</subfield></datafield><datafield ind1="0" ind2=" " tag="362"><subfield code="a">Vol. 1, no. 1 (Sept. 14, 1977)-</subfield></datafield><datafield ind1="1" ind2=" " tag="362"><subfield code="a">Ceased in 1977?</subfield></datafield><datafield ind1=" " ind2=" " tag="500"><subfield code="a">"Reaching from Hawaii Kai to St. Louis Heights every week."</subfield></datafield><datafield ind1=" " ind2=" " tag="515"><subfield code="a">"The Sun will be published temporarily on a trial basis." Cf. Sept. 14, 1977 issue.</subfield></datafield><datafield ind1=" " ind2="0" tag="651"><subfield code="a">Honolulu (Hawaii)</subfield><subfield code="v">Periodicals.</subfield></datafield><datafield ind1=" " ind2="7" tag="655"><subfield code="a">Periodicals.</subfield><subfield code="2">fast</subfield><subfield code="0">(OCoLC)fst01411641</subfield></datafield><datafield ind1=" " ind2="7" tag="651"><subfield code="a">Hawaii</subfield><subfield code="z">Honolulu.</subfield><subfield code="2">fast</subfield><subfield code="0">(OCoLC)fst01204916</subfield></datafield><datafield ind1=" " ind2=" " tag="752"><subfield code="a">United States</subfield><subfield code="b">Hawaii</subfield><subfield code="c">Honolulu</subfield><subfield code="d">Kaneohe.</subfield></datafield></record>